@Misc{DieterBuys:MCTS,
	author = {Dieter Buys},
	title = {mcts-player},
	howpublished = {\url{https://github.com/DieterBuys/mcts-player}},
}